@InProceedings{conf/ac/Ghahramani03,
  title =	"Unsupervised Learning",
  author =	"Zoubin Ghahramani",
  publisher =	"Springer",
  year = 	"2003",
  volume =	"3176",
  bibdate =	"2011-03-30",
  bibsource =	"DBLP,
		 http://dblp.uni-trier.de/db/conf/ac/ml2003.html#Ghahramani03",
  booktitle =	"Advanced Lectures on Machine Learning",
  crossref =	"conf/ac/2003ml",
  editor =	"Olivier Bousquet and Ulrike von Luxburg and Gunnar
		 R{\"a}tsch",
  ISBN = 	"3-540-23122-6",
  pages =	"72--112",
  series =	"Lecture Notes in Computer Science",
  URL =  	"http://dx.doi.org/10.1007/978-3-540-28650-9_5",
}

@Misc{oai:teses.usp.br:tde-06052009-154832,
  title =	"Avalia{\c c}{\~a}o de m{\'e}todos
		 n{\~a}o-supervisionados de sele{\c c}{\~a}o de
		 atributos para minera{\c c}{\~a}o de textos",
  titletranslation = "Evaluation of unsupervised feature selection
		 methods for Text Mining",
  author =	"Bruno Magalh{\~a}es Nogueira",
  publisher =	"Biblioteca Digitais de Teses e Disserta{\c c}{\~o}es
		 da USP",
  year = 	"2009",
  month =	mar # "~27",
  abstract =	"Selecionar atributos {\'e}, por vezes, uma atividade
		 necess{\'a}ria para o correto desenvolvimento de
		 tarefas de aprendizado de m{\'a}quina. Em Minera{\c
		 c}{\~a}o de Textos, reduzir o n{\'u}mero de atributos
		 em uma base de textos {\'e} essencial para a
		 efic{\'a}cia do processo e a compreensibilidade do
		 conhecimento extra{\'i}do, uma vez que se lida com
		 espa{\c c}os de alta dimensionalidade e esparsos.
		 Quando se lida com contextos nos quais a cole{\c
		 c}{\~a}o de textos {\'e} n{\~a}o-rotulada, m{\'e}todos
		 n{\~a}o-supervisionados de redu{\c c}{\~a}o de
		 atributos s{\~a}o utilizados. No entanto, n{\~a}o
		 existe forma geral predefinida para a obten{\c c}{\~a}o
		 de medidas de utilidade de atributos em m{\'e}todos
		 n{\~a}o-supervisionados, demandando um esfor{\c c}o
		 maior em sua realiza{\c c}{\~a}o. Assim, este trabalho
		 aborda a sele{\c c}{\~a}o n{\~a}o-supervisionada de
		 atributos por meio de um estudo explorat{\'o}rio de
		 m{\'e}todos dessa natureza, comparando a efic{\'a}cia
		 de cada um deles na redu{\c c}{\~a}o do n{\'u}mero de
		 atributos em aplica{\c c}{\~o}es de Minera{\c c}{\~a}o
		 de Textos. Dez m{\'e}todos s{\~a}o comparados - Ranking
		 porTerm Frequency, Ranking por Document Frequency, Term
		 Frequency-Inverse Document Frequency, Term
		 Contribution, Term Variance, Term Variance Quality,
		 M{\'e}todo de Luhn, M{\'e}todo LuhnDF, M{\'e}todo de
		 Salton e Zone-Scored Term Frequency - sendo dois deles
		 aqui propostos - M{\'e}todo LuhnDF e Zone-Scored Term
		 Frequency. A avalia{\c c}{\~a}o se d{\'a} em dois
		 focos, supervisionado, pelo medida de acur{\'a}cia de
		 quatro classificadores (C4.5, SVM, KNN e Na{\"i}ve
		 Bayes), e n{\~a}o-supervisionado, por meio da medida
		 estat{\'i}stica de Expected Mutual Information Measure.
		 Aos resultados de avalia{\c c}{\~a}o, aplica-se o teste
		 estat{\'i}stico de Kruskal-Wallis para determina{\c
		 c}{\~a}o de signific{\^a}ncia estat{\'i}stica na
		 diferen{\c c}a de desempenho dos diferentes m{\'e}todos
		 de sele{\c c}{\~a}o de atributos comparados. Seis bases
		 de textos s{\~a}o utilizadas nas avalia{\c c}{\~o}es
		 experimentais, cada uma relativa a um grande
		 dom{\'i}nio e contendo subdom{\'i}nios, os quais
		 correspondiam {\`a}s classes usadas para avalia{\c
		 c}{\~a}o supervisionada. Com esse estudo, este trabalho
		 visa contribuir com uma aplica{\c c}{\~a}o de Minera{\c
		 c}{\~a}o de Textos que visa extrair taxonomias de
		 t{\'o}picos a partir de bases textuais
		 n{\~a}o-rotuladas, selecionando os atributos mais
		 representativos em uma cole{\c c}{\~a}o de textos. Os
		 resultados das avalia{\c c}{\~o}es mostram que n{\~a}o
		 h{\'a} diferen{\c c}a estat{\'i}stica significativa
		 entre os m{\'e}todos n{\~a}o-supervisionados de sele{\c
		 c}{\~a}o de atributos comparados. Al{\'e}m disso,
		 compara{\c c}{\~o}es desses m{\'e}todos
		 n{\~a}o-supervisionados com outros supervisionados
		 (Raz{\~a}o de Ganho e Ganho de Informa{\c c}{\~a}o)
		 apontam que {\'e} poss{\'i}vel utilizar os m{\'e}todos
		 n{\~a}o-supervisionados em atividades supervisionadas
		 de Minera{\c c}{\~a}o de Textos, obtendo efici{\^e}ncia
		 compat{\'i}vel com os m{\'e}todos supervisionados, dado
		 que n{\~a}o detectou-se diferen{\c c}a estat{\'i}stica
		 nessas compara{\c c}{\~o}es, e com um custo
		 computacional menor; Feature selection is an activity
		 sometimes necessary to obtain good results in machine
		 learning tasks. In Text Mining, reducing the number of
		 features in a text base is essential for the
		 effectiveness of the process and the comprehensibility
		 of the extracted knowledge, since it deals with high
		 dimensionalities and sparse contexts. When dealing with
		 contexts in which the text collection is not labeled,
		 unsupervised methods for feature reduction have to be
		 used. However, there aren\'t any general predefined
		 feature quality measures for unsupervised methods,
		 therefore demanding a higher effort for its execution.
		 So, this work broaches the unsupervised feature
		 selection through an exploratory study of methods of
		 this kind, comparing their efficacies in the reduction
		 of the number of features in the Text Mining process.
		 Ten methods are compared - Ranking by Term Frequency,
		 Ranking by Document Frequency, Term Frequency-Inverse
		 Document Frequency, Term Contribution, Term Variance,
		 Term Variance Quality, Luhn\'s Method, LuhnDF Method,
		 Salton\'s Method and Zone-Scored Term Frequency - and
		 two of them are proposed in this work - LuhnDF Method
		 and Zone-Scored Term Frequency. The evaluation process
		 is done in two ways, supervised, through the accuracy
		 measure of four classifiers (C4.5, SVM, KNN and
		 Na{\"i}ve Bayes), and unsupervised, using the Expected
		 Mutual Information Measure. The evaluation results are
		 submitted to the statistical test of Kruskal-Wallis in
		 order to determine the statistical significance of the
		 performance difference of the different feature
		 selection methods. Six text bases are used in the
		 experimental evaluation, each one related to one domain
		 and containing sub domains, which correspond to the
		 classes used for supervised evaluation. Through this
		 study, this work aims to contribute with a Text Mining
		 application that extracts topic taxonomies from
		 unlabeled text collections, through the selection of
		 the most representative features in a text collection.
		 The evaluation results show that there is no
		 statistical difference between the unsupervised feature
		 selection methods compared. Moreover, comparisons of
		 these unsupervised methods with other supervised ones
		 (Gain Ratio and Information Gain) show that it is
		 possible to use unsupervised methods in supervised Text
		 Mining activities, obtaining an efficiency compatible
		 with supervised methods, since there isn\'t any
		 statistical difference the statistical test detected in
		 these comparisons, and with a lower computational
		 effort",
  bibsource =	"OAI-PMH server at www.teses.usp.br",
  contributor =  "Solange Oliveira Rezende",
  language =	"pt",
  oai =  	"oai:teses.usp.br:tde-06052009-154832",
  rights =	"Open access",
  subject =	"Aprendizado de m{\'a}quina; Aprendizado
		 n{\~a}o-supervisionado; Feature selection; Machine
		 learning; Minera{\c c}{\~a}o de textos; Sele{\c
		 c}{\~a}o de atributos; Text mining; Unsupervised
		 learning",
  type = 	"Disserta{\c c}{\~a}o de Mestrado",
  URL =  	"http://www.teses.usp.br/teses/disponiveis/55/55134/tde-06052009-154832/",
}

@unpublished{Doni:2004,
address      = {S\~ao Paulo, SP},
author       = {Marcelo Viana Doni},
institution  = {Universidade Presbiteriana Mackenzie},
note         = {Trabalho de Graduação, Universidade Presbiteriana Mackenzie.},
URL 		 = {http://meusite.mackenzie.com.br/rogerio/tgi/2004Cluster.PDF/},
organization = {Universidade Presbiteriana Mackenzie},
title        = {Análise de cluster: Métodos hierárquicos e de particionamento},
year         = {2004}
}

@InProceedings{conf/pakdd/ZaianeFLW02,
  title =	"On Data Clustering Analysis: Scalability, Constraints,
		 and Validation",
  author =	"Osmar R. Za{\"i}ane and Andrew Foss and Chi-Hoon Lee
		 and Weinan Wang",
  bibdate =	"2011-06-30",
  bibsource =	"DBLP,
		 http://dblp.uni-trier.de/db/conf/pakdd/pakdd2002.html#ZaianeFLW02",
  booktitle =	"PAKDD",
  booktitle =	"Advances in Knowledge Discovery and Data Mining, 6th
		 Pacific-Asia Conference, {PAKDD} 2002, Taipei, Taiwan,
		 May 6-8, 2002, Proceedings",
  publisher =	"Springer",
  year = 	"2002",
  volume =	"2336",
  editor =	"Ming-Shan Cheng and Philip S. Yu and Bing Liu 0001",
  ISBN = 	"3-540-43704-5",
  pages =	"28--39",
  series =	"Lecture Notes in Computer Science",
  URL =  	"http://dx.doi.org/10.1007/3-540-47887-6_4",
}

@Misc{RicardoMarcondes:2014,
  author       = {Ricardo Marcondes Marcacini},
  title        = {Aprendizado de máquina com informação privilegiada: abordagens para agrupamento hierárquico de textos},
  organization = {ICMC/USP},
  institution  = {ICMC/USP},
  school       = {ICMC/USP},
  pages        = {},
  month        = {},
  note         = {Tese de Doutorado, ICMC/USP.},
  URL 		   = {http://www.teses.usp.br/teses/disponiveis/55/55134/tde-05082015-094733/publico/RicardoMMarcacini_tese.pdf}},
  year         = {2014}
}

@incollection{hastie2009unsupervised,
  title={Unsupervised learning},
  author={Hastie, Trevor and Tibshirani, Robert and Friedman, Jerome},
  booktitle={The elements of statistical learning},
  pages={485--585},
  year={2009},
  publisher={Springer}
}

@article{kasznar2009tecnicas,
  title={T{\'e}cnicas de agrupamento Clustering},
  author={Kasznar, Istvan Karoly and Gon{\c{c}}alves, Bento Mario Lages and Bento, ML},
  journal={Revista Cient{\'\i}fica e Tecnol{\'o}gica},
  year={2009}
}

@incollection{rokach2009survey,
  title={A survey of clustering algorithms},
  author={Rokach, Lior},
  booktitle={Data mining and knowledge discovery handbook},
  pages={269--298},
  year={2009},
  publisher={Springer}
}

@article{carvalho2009clusterizaccao,
  title={Clusteriza{\c{c}}{\~a}o hier{\'a}rquica espacial com atributos bin{\'a}rios},
  author={Carvalho, Alexandre Xavier Ywata and Albuquerque, Pedro Henrique Melo and Almeida Junior, Gilberto Rezende de and Guimar{\~a}es, Rafael Dantas and Laureto, Camilo Rey},
  year={2009},
  publisher={Instituto de Pesquisa Econ{\^o}mica Aplicada (Ipea)}
}

@incollection{berkhin2006survey,
  title={A survey of clustering data mining techniques},
  author={Berkhin, Pavel},
  booktitle={Grouping multidimensional data},
  pages={25--71},
  year={2006},
  publisher={Springer}
}

@article{anderberg1973,
 title={Cluster analysis for applications},
 author={ANDERBERG, Michael R.},
 year={1973},
 publisher={New York: Academic Press}
}

@article{kaufman1990finding,
  title={Finding groups in data. an introduction to cluster analysis},
  author={Kaufman, Leonard and Rousseeuw, Peter J},
  journal={Wiley Series in Probability and Mathematical Statistics. Applied Probability and Statistics, New York: Wiley, 1990},
  volume={1},
  year={1990}
}

@article{berkhin2004survey,
  title={Survey of clustering data mining techniques, 2002},
  author={Berkhin, Pavel},
  journal={Accrue Software: San Jose, CA},
  year={2004}
}

@article{faceli2011inteligencia,
  title={Intelig{\^e}ncia Artificial: Uma abordagem de aprendizado de m{\'a}quina},
  author={Faceli, Katti and Lorena, Ana Carolina and Gama, Jo{\~a}o and Carvalho, ACPLF},
  journal={Rio de Janeiro: LTC},
  year={2011}
}

@inproceedings{shen2004multilabel,
  title={Multilabel machine learning and its application to semantic scene classification},
  author={Shen, Xipeng and Boutell, Matthew and Luo, Jiebo and Brown, Christopher},
  booktitle={International Symposium on Electronic Imaging},
  pages={18--22},
  year={2004},
}

@article{sebastiani2002machine,
  title={Machine learning in automated text categorization},
  author={Sebastiani, Fabrizio},
  journal={ACM computing surveys (CSUR)},
  volume={34},
  number={1},
  pages={1--47},
  year={2002},
  publisher={ACM}
}

@article{schapire2000boostexter,
  title={BoosTexter: A boosting-based system for text categorization},
  author={Schapire, Robert E and Singer, Yoram},
  journal={Machine learning},
  volume={39},
  number={2-3},
  pages={135--168},
  year={2000},
  publisher={Springer}
}

@inproceedings{dimou2009empirical,
  title={An empirical study of multi-label learning methods for video annotation},
  author={Dimou, Anastasios and Tsoumakas, Grigorios and Mezaris, Vasileios and Kompatsiaris, Ioannis and Vlahavas, Ioannis},
  booktitle={2009 Seventh International Workshop on Content-Based Multimedia Indexing},
  pages={19--24},
  year={2009},
  organization={IEEE}
}

@inproceedings{lukashevich2009multi,
  title={From Multi-Labeling to Multi-Domain-Labeling: A Novel Two-Dimensional Approach to Music Genre Classification.},
  author={Lukashevich, Hanna M and Abe{\ss}er, Jakob and Dittmar, Christian and Grossmann, Holger},
  booktitle={Proc. 10th International
Society for Music Information Retrieval Conference (ISMIR 2009)},
  year={2009}
}

@article{bernardini2009artificial,
  title={Artificial intelligence based methods to support motor pump multi-failure diagnostic},
  author={Bernardini, Flavia Cristina and Garcia, Ana Cristina Bicharra and Ferraz, Inha{\'u}ma Neves},
  journal={Engineering Intelligent Systems},
  volume={17},
  number={2},
  year={2009},
}

@incollection{tsoumakas2010mining,
  title={Mining multi-label data},
  author={Tsoumakas, Grigorios and Katakis, Ioannis and Vlahavas, Ioannis},
  booktitle={In: (Orgs.) Data Mining and
Knowledge Discovery Handbook, 2nd ed.},
  year={2010},
  publisher={Springer}
}

@inproceedings{calembo2011proposta,
  title={Proposta de um m{\'e}todo de combina{\c{c}}ao de classificadores para constru{\c{c}}ao de classificadores multi-r{\'o}tulo},
  author={Calembo, Kassio Novaes and Bernardini, Flavia Cristina and Martins, Carlos Bazilio},
  booktitle={Confer{\^e}ncia Latinoamericana de Inform{\'a}tica—CLEI},
  volume={2011},
  year={2011}
}

@article{alvares2012incorporating,
  title={Incorporating label dependency into the binary relevance framework for multi-label classification},
  author={Alvares-Cherman, Everton and Metz, Jean and Monard, Maria Carolina},
  journal={Expert Systems with Applications},
  volume={39},
  number={2},
  pages={1647--1655},
  year={2012},
  publisher={Elsevier}
}

@article{da2013rb,
  title={Rb: A new method for constructing multi-label classifiers based on random selection and bagging},
  author={da Gama, Patr{\i}cia Pachiega and Bernardini, Flavia C and Zadrozny, Bianca},
  journal={Learning and Nonlinear Models},
  volume={11},
  number={1},
  year={2013},
  url={http://www.lnlm-sbic.org/index.php?v=11&n=1}
}

@inproceedings{tsoumakas2007multi,
  title={Multi-label classification: An overview},
  author={Tsoumakas, Grigorios and Katakis, Ioannis},
  booktitle={International Journal Data Warehousing and Mining},
  volume={3},
  number={3},
  pages={1–13},
  year={2007}
}

@article{modi2012experimental,
  title={Experimental comparison of different problem transformation methods for multi-label classification using MEKA},
  author={Modi, Hiteshri and Panchal, Mahesh},
  journal={International Journal of Computer Applications},
  volume={59},
  number={15},
  year={2012},
  publisher={Foundation of Computer Science}
}

@article{tsoumakas2011random,
  title={Random k-labelsets for multilabel classification},
  author={Tsoumakas, Grigorios and Katakis, Ioannis and Vlahavas, Ioannis},
  journal={IEEE Transactions on Knowledge and Data Engineering},
  volume={23},
  number={7},
  pages={1079--1089},
  year={2011},
  publisher={IEEE}
}

@inproceedings{tsoumakas2008effective,
  title={Effective and efficient multilabel classification in domains with large number of labels},
  author={Tsoumakas, Grigorios and Katakis, Ioannis and Vlahavas, Ioannis},
  booktitle={Proc. ECML/PKDD 2008 Workshop on Mining Multidimensional Data (MMD’08)},
  pages={30--44},
  year={2008}
}

@article{cherman2011multi,
  title={Multi-label problem transformation methods: a case study},
  author={Cherman, Everton Alvares and Monard, Maria Carolina and Metz, Jean},
  journal={CLEI Electronic Journal},
  volume={14},
  number={1},
  pages={4--4},
  year={2011},
  publisher={Centro Latinoamericano de Estudios en Inform{\'a}tica}
}

@incollection{tsoumakas2009mining,
  title={Mining multi-label data},
  author={Tsoumakas, Grigorios and Katakis, Ioannis and Vlahavas, Ioannis},
  booktitle={Data mining and knowledge discovery handbook},
  pages={1--19},
  year={2009},
  publisher={Springer}
}

@phdthesis{chermanaprendizado,
  title={Aprendizado de m{\'a}quina multirr{\'o}tulo: explorando a depend{\^e}ncia de r{\'o}tulos e o aprendizado ativo},
  author={Cherman, Everton Alvares},
  school={Universidade de S{\~a}o Paulo},
  year={2013}
}

@article{macnaughton1964dissimilarity,
  title={Dissimilarity analysis: a new technique of hierarchical sub-division},
  author={Macnaughton-Smith, P and Williams, WT and Dale, MB and Mockett, LG},
  year={1964},
  publisher={Nature Publishing Group}
}

@inproceedings{macqueen1967some,
  title={Some methods for classification and analysis of multivariate observations},
  author={MacQueen, James and others},
  booktitle={Proceedings of the fifth Berkeley symposium on mathematical statistics and probability},
  volume={1},
  number={14},
  pages={281--297},
  year={1967},
  organization={Oakland, CA, USA.}
}
